<?xml version="1.0" encoding="UTF-8"?><record xmlns="http://www.loc.gov/MARC21/slim" xmlns:cinclude="http://apache.org/cocoon/include/1.0" xmlns:zs="http://www.loc.gov/zing/srw/">
  <leader>00508cz  a2200145n  4500</leader>
  <controlfield tag="001">n  88637139 </controlfield>
  <controlfield tag="003">DLC</controlfield>
  <controlfield tag="005">20080312080002.0</controlfield>
  <controlfield tag="008">880518n| acannaabn          |n aaa      </controlfield>
  <datafield tag="010" ind1=" " ind2=" ">
    <subfield code="a">n  88637139 </subfield>
  </datafield>
  <datafield tag="035" ind1=" " ind2=" ">
    <subfield code="a">(OCoLC)oca02282798</subfield>
  </datafield>
  <datafield tag="040" ind1=" " ind2=" ">
    <subfield code="a">DLC</subfield>
    <subfield code="b">eng</subfield>
    <subfield code="c">DLC</subfield>
    <subfield code="d">DLC</subfield>
    <subfield code="d">OCoLC</subfield>
  </datafield>
  <datafield tag="100" ind1="1" ind2=" ">
    <subfield code="a">Pillet, Gonzague Jacques</subfield>
  </datafield>
  <datafield tag="670" ind1=" " ind2=" ">
    <subfield code="a">Amphoux, P. Fragments d'eĚcologie humaine, c1985:</subfield>
    <subfield code="b">t.p. (Gonzague Pillet)</subfield>
  </datafield>
  <datafield tag="670" ind1=" " ind2=" ">
    <subfield code="a">LC data base, 5-18-88</subfield>
    <subfield code="b">(hdg.: Pillet, Gonzague Jacques; usage: Gonzague Jacques Pillet, Gonzague Pillet)</subfield>
  </datafield>
</record>